<record><leader>00000cas a2200000 a 4500</leader><controlfield tag="001">13042046</controlfield><controlfield tag="008">860121d18871uuucauwr ne      0    0eng d</controlfield><datafield ind1=" " ind2=" " tag="010"><subfield code="a">sn 85066406 </subfield></datafield><datafield ind1=" " ind2=" " tag="040"><subfield code="a">KSH</subfield><subfield code="b">eng</subfield><subfield code="c">KSH</subfield><subfield code="d">NPT</subfield><subfield code="d">CNK</subfield><subfield code="d">OCL</subfield><subfield code="d">OCLCQ</subfield><subfield code="d">OCLCF</subfield><subfield code="d">OCLCO</subfield></datafield><datafield ind1="1" ind2=" " tag="029"><subfield code="a">AU@</subfield><subfield code="b">000022169302</subfield></datafield><datafield ind1=" " ind2=" " tag="042"><subfield code="a">msc</subfield></datafield><datafield ind1=" " ind2=" " tag="043"><subfield code="a">n-us-ca</subfield></datafield><datafield ind1="0" ind2="0" tag="245"><subfield code="a">Glendale encinal.</subfield></datafield><datafield ind1=" " ind2=" " tag="260"><subfield code="a">Glendale, Calif. :</subfield><subfield code="b">W.L. &amp; A.J. Wheeler</subfield></datafield><datafield ind1=" " ind2=" " tag="300"><subfield code="a">v. ;</subfield><subfield code="c">61 cm.</subfield></datafield><datafield ind1=" " ind2=" " tag="310"><subfield code="a">Weekly</subfield></datafield><datafield ind1="1" ind2=" " tag="362"><subfield code="a">Began in 1887.</subfield><subfield code="z">Cf. Ayer, 1889.</subfield></datafield><datafield ind1=" " ind2=" " tag="588"><subfield code="a">Description based on: Vol. 2, no. 4 (July 26, 1888).</subfield></datafield><datafield ind1=" " ind2="0" tag="651"><subfield code="a">Glendale (Calif.)</subfield><subfield code="v">Newspapers.</subfield></datafield><datafield ind1=" " ind2="7" tag="655"><subfield code="a">Newspapers.</subfield><subfield code="2">fast</subfield><subfield code="0">(OCoLC)fst01423814</subfield></datafield><datafield ind1=" " ind2="7" tag="651"><subfield code="a">California</subfield><subfield code="z">Glendale.</subfield><subfield code="2">fast</subfield><subfield code="0">(OCoLC)fst01215329</subfield></datafield><datafield ind1=" " ind2=" " tag="752"><subfield code="a">United States</subfield><subfield code="b">California</subfield><subfield code="c">Los Angeles</subfield><subfield code="d">Glendale.</subfield></datafield></record>